@article{chong2003sensor,
  title={Sensor networks: evolution, opportunities, and challenges},
  author={Chong, Chee-Yee and Kumar, Srikanta P},
  journal={Proceedings of the IEEE},
  volume={91},
  number={8},
  pages={1247--1256},
  year={2003},
  publisher={IEEE}
}

@article{hou2005energy,
  title={On energy provisioning and relay node placement for wireless sensor networks},
  author={Hou, Y Thomas and Shi, Yi and Sherali, Hanif D and Midkiff, Scott F},
  journal={Wireless Communications, IEEE Transactions on},
  volume={4},
  number={5},
  pages={2579--2590},
  year={2005},
  publisher={IEEE}
}

@article{barcelobottom,
  title={Bottom-up Broadband Pilot Proposals in Europe (C4EU 5.1. 1: Report on Selection of Opportunities and Projects-a)},
  author={Barcelo, Jaume and Roca, Ramon and Holding, Alan and Spensley, Paul and Domingo, Albert and Calcerano, Giovanni and Goretti, Maurizio and Dalmau, Lluis and Oliver, Miquel and Cano, Cristina and others}
}

@inproceedings{oliver2010wireless,
  title={Wireless Commons against the digital divide},
  author={Oliver, Miquel and Zuidweg, Johan and Batikas, Michail},
  booktitle={Technology and Society (ISTAS), 2010 IEEE International Symposium on},
  pages={457--465},
  year={2010},
  organization={IEEE}
}

@misc{WikiSensor,
    author = "Wikipedia",
    title = "Sensor --- Wikipedia{,} The Free Encyclopedia",
    year = "2013",
    url = "http://en.wikipedia.org/w/index.php?title=Sensor&oldid=548402365",
    note = "[Online; accessed 3-April-2013]"
} 

@misc{proto,
    author = "C. Melissa Mcclendon, Larry Regot, Gerri Akers",
    title = "Prototyping",
    year = "2012",
    url = "http://www.umsl.edu/~sauterv/analysis/prototyping/proto.html",
    note = "[Online; accessed 14-June-2013]"
} 

@misc{parazite,
    author = "paraZite",
    title = "main.paraZite \# Anarchy files and Underground links | Sun Apr 7 05:23:56 EEST 2013",
    year = "2013",
    url = "http://parazite.fi",
    note = "[Online; accessed 11-June-2013]"
} 

@misc{wiki:sensornode,
    author = "Wikipedia",
    title = "Sensor node --- Wikipedia{,} The Free Encyclopedia",
    year = "2013",
    url = "http://en.wikipedia.org/w/index.php?title=Sensor_node&oldid=544833369",
    note = "[Online; accessed 21-May-2013]"
}

@misc{sensornetworktc,
    author = "Alberto Bielsa, David Gascon",
    title = "Wireless Sensor Networks Research Group",
    year = "2010",
    url = "http://sensor-networks.org/index.php?page=1010510536",
    note = "[Online; accessed 20-May-2013]"
}

@misc{airquality,
    author = "Chris Nafis",
    title = "Monitoring your Air Quality",
    year = "2012",
    url = "http://www.howmuchsnow.com/arduino/airquality/",
    note = "[Online; accessed 4-April-2013]"
}

@misc{digi:escapedchars,
    author = "Digi International",
    title = "Escaped Characters and API Mode 2",
    year = "2013",
    url = "http://www.digi.com/support/kbase/kbaseresultdetl?id=2199",
    note = "[Online; accessed 4-June-2013]"
}

@misc{dht22sensor,
    author = "Aosong Electronics Co., Ltd",
    title = "Digital-output relative humidity \& temperature sensor/module DHT22",
    year = "2013",
    url = "https://cdn.shopify.com/s/files/1/0045/8932/files/DHT22.pdf?100745",
    note = "[Online; accessed 6-April-2013]"
}

@misc{emarteeminisound,
    author = "Emartee",
    title = "Mini Sound Sensor - emartee.com",
    year = "2013",
    url = "http://www.emartee.com/product/42148/Mini%20Sound%20Sensor%20%20Arduino%20Compatible",
    note = "[Online; accessed 6-April-2013]"
}

@misc{sharp,
    author = "Sharp",
    title = "GP2Y1010AU0F Compact Optical Dust Sensor",
    year = "2006",
    url = "http://sharp-world.com/products/device/lineup/data/pdf/datasheet/gp2y1010au_e.pdf",
    note = "[Online; accessed 6-April-2013]"
}

@misc{xbeedatasheet,
    author = "Digi International",
    title = "XBee Series 2 OEM RF Modules",
    year = "2007",
    url = "ftp://ftp1.digi.com/support/documentation/90000866_A.pdf",
    note = "[Online; accessed 6-April-2013]"
}

@book{gertz2012environmental,
  title={Environmental Monitoring with Arduino: Building Simple Devices to Collect Data about the World Around Us},
  author={Gertz, Emily and Di Justo, Patrick},
  year={2012},
  publisher={Make}
}

@book{faludi2010building,
  title={Building Wireless Sensor Networks: with ZigBee, XBee, Arduino, and Processing},
  author={Faludi, Robert},
  year={2010},
  publisher={O'Reilly Media, Incorporated}
}

@book{pmbok_agile,
  title={A Guide to the Project Management Body of Knowledge},
  author={Project Management Institute},
  edition={Fourth},
  year={2011},
  publisher={Project Management Institute}
}

@book{caragliu2009smart,
  title={Smart cities in Europe},
  author={Caragliu, Andrea and Del Bo, Chiara and Nijkamp, Peter and others},
  year={2009},
  publisher={Vrije Universiteit, Faculty of Economics and Business Administration}
}

@article{hollands2008will,
  title={Will the real smart city please stand up? Intelligent, progressive or entrepreneurial?},
  author={Hollands, Robert G},
  journal={City},
  volume={12},
  number={3},
  pages={303--320},
  year={2008},
  publisher={Taylor \& Francis}
}
